@inproceedings{danielle2002,
  title={Learning: Knowledge Representation, Organization, and Acquisition},
  author={Danielle S. McNamara},
  year={2002}
}

@article{chao2017,
  author    = {Chao{-}Yuan Wu and
               R. Manmatha and
               Alexander J. Smola and
               Philipp Kr{\"{a}}henb{\"{u}}hl},
  title     = {Sampling Matters in Deep Embedding Learning},
  journal   = {CoRR},
  volume    = {abs/1706.07567},
  year      = {2017},
  url       = {http://arxiv.org/abs/1706.07567},
  archivePrefix = {arXiv},
  eprint    = {1706.07567},
  timestamp = {Mon, 13 Aug 2018 16:49:00 +0200},
  biburl    = {https://dblp.org/rec/journals/corr/WuMSK17.bib},
  bibsource = {dblp computer science bibliography, https://dblp.org}
}

@article{bromley1993,
author = {Bromley, Jane and Bentz, James and Bottou, Leon and Guyon, Isabelle and Lecun, Yann and Moore, Cliff and Sackinger, Eduard and Shah, Rookpak},
year = {1993},
month = {08},
pages = {25},
title = {Signature Verification using a "Siamese" Time Delay Neural Network},
volume = {7},
journal = {International Journal of Pattern Recognition and Artificial Intelligence},
doi = {10.1142/S0218001493000339}
}

@InProceedings{simonyan2015,
  author       = "Karen Simonyan and Andrew Zisserman",
  title        = "Very Deep Convolutional Networks for Large-Scale Image Recognition",
  booktitle    = "International Conference on Learning Representations",
  year         = "2015",
}

@book{bishop2006,
author = {Bishop, Christopher M.},
title = {Pattern Recognition and Machine Learning (Information Science and Statistics)},
year = {2006},
isbn = {0387310738},
publisher = {Springer-Verlag},
address = {Berlin, Heidelberg}
}

@article{jansen2010,
author = {Jansen, Bernard J. and Rieh, Soo Young},
title = {The seventeen theoretical constructs of information searching and information retrieval},
journal = {Journal of the American Society for Information Science and Technology},
volume = {61},
number = {8},
pages = {1517-1534},
doi = {10.1002/asi.21358},
url = {https://onlinelibrary.wiley.com/doi/abs/10.1002/asi.21358},
eprint = {https://onlinelibrary.wiley.com/doi/pdf/10.1002/asi.21358},
year = {2010}
}


@article{dragos2000,
author = {Manolescu, Dragos-anton},
year = {2000},
month = {09},
pages = {},
url={https://micro-workflow.com/PDF/plop98.pdf},
title = {Feature Extraction - A Pattern for Information Retrieval}
}

@article{jalal2016,
  title={Feature Extraction Techniques for Multimedia Information Retrieval System},
  author={Jalal Mujawar and Shubham Shukla and Yogesh Dayma and P. R. Thakare},
  journal={Imperial journal of interdisciplinary research},
  year={2016},
  volume={2}
}

@conference {frederic2013,
	title = {Freesound Technical Demo},
	booktitle = {ACM International Conference on Multimedia (MM{\textquoteright}13)},
	year = {2013},
	month = {21/10/2013},
	pages = {411-412},
	publisher = {ACM},
	organization = {ACM},
	address = {Barcelona, Spain},
	keywords = {audio clips, freesound, online databases, sound},
	isbn = {978-1-4503-2404-5},
	doi = {10.1145/2502081.2502245},
	author = {Frederic Font and Gerard Roma and Xavier Serra}
}

@article{glover2000,
author = {Glover, Eric and Lawrence, Steve and Birmingham, William and Giles, C.},
year = {2000},
month = {02},
pages = {},
title = {Architecture of a Metasearch Engine that Supports User Information Needs},
doi = {10.1145/319950.319980}
}

@inproceedings{ugo2012,
	title	= {Topical clustering of search results},
	author	= {Ugo Scaiella and Paolo Ferragina and Andrea Marino and Massimiliano Ciaramita},
	year	= {2012},
	booktitle	= {Proceedings of the fifth ACM international conference on Web search and data mining},
	pages	= {223--232},
	address	= {New York, NY, USA}
}


@article{XavierIcassp2020,
    author = {Xavier Favory, Frederic Font, Xavier Serra},
    title = {COMPARING AUDIO FEATURES FOR UNSUPERVISED SOUND CLASSIFICATION},
    journal = {unpublished preprint},
    year = {2020},
}

@misc{Goldberg14,
  added-at = {2016-05-31T15:34:46.000+0200},
  author = {Goldberg, Yoav and Levy, Omer},
  biburl = {https://www.bibsonomy.org/bibtex/2d03ee2d89572258e9951a2058b333312/albinzehe},
  description = {[1402.3722] word2vec Explained: deriving Mikolov et al.'s negative-sampling word-embedding method},
  interhash = {529718927f289e07d24eb4b9b4d4e207},
  intrahash = {d03ee2d89572258e9951a2058b333312},
  keywords = {ma-zehe thema:word_embeddings word2vec wordembeddings},
  note = {cite arxiv:1402.3722},
  timestamp = {2016-10-24T11:33:25.000+0200},
  title = {word2vec Explained: deriving Mikolov et al.'s negative-sampling
  word-embedding method},
  url = {http://arxiv.org/abs/1402.3722},
  year = 2014
}


@INPROCEEDINGS{Pennington14,
    author = {Jeffrey Pennington and Richard Socher and Christopher D. Manning},
    title = {Glove: Global vectors for word representation},
    booktitle = {In EMNLP},
    year = {2014}
}

@inbook{Frederic2018,
title = "Sound Sharing and Retrieval",
author = "Frederic Font and Gerard Roma and Xavier Serra",
year = "2018",
language = "English",
isbn = "9783319634494",
pages = "279--301",
editor = "Tuomas Virtanen and Mark Plumbley and Dan Ellis",
booktitle = "Computational Analysis of Sound Scenes and Events",
publisher = "Springer, Cham",
}
@inproceedings{DeepFace,
  added-at = {2014-10-02T23:51:24.000+0200},
  author = {Taigman, Yaniv and Yang, Ming and Ranzato, Marc'Aurelio and Wolf, Lior},
  biburl = {https://www.bibsonomy.org/bibtex/25704a9ab4c0abe0c34b34b7d564b9401/seboettg},
  booktitle = {Conference on Computer Vision and Pattern Recognition (CVPR)},
  interhash = {19f4a0ed09dd182d9a45466f323efa72},
  intrahash = {5704a9ab4c0abe0c34b34b7d564b9401},
  keywords = {deepface face face-recognition recognition},
  timestamp = {2014-10-02T23:51:24.000+0200},
  title = {DeepFace: Closing the Gap to Human-Level Performance in Face Verification},
  year = 2014
}

@article{Jeong2019,
  author    = {Jeong Choi and
               Jongpil Lee and
               Jiyoung Park and
               Juhan Nam},
  title     = {Zero-shot Learning for Audio-based Music Classification and Tagging},
  journal   = {CoRR},
  volume    = {abs/1907.02670},
  year      = {2019},
  url       = {http://arxiv.org/abs/1907.02670},
  archivePrefix = {arXiv},
  eprint    = {1907.02670},
  timestamp = {Mon, 08 Jul 2019 14:12:33 +0200},
  biburl    = {https://dblp.org/rec/journals/corr/abs-1907-02670.bib},
  bibsource = {dblp computer science bibliography, https://dblp.org}
}

@book{Schuller2013,
author = {Schuller, Bjrn W.},
title = {Intelligent Audio Analysis},
year = {2013},
isbn = {3642368050},
publisher = {Springer Publishing Company, Incorporated}
}


@article{Carpineto2013,
  added-at = {2011-11-21T10:49:46.000+0100},
  address = {New York, NY, USA},
  articleno = {17},
  author = {Carpineto, Claudio and Osi\'{n}ski, Stanislaw and Romano, Giovanni and Weiss, Dawid},
  biburl = {https://www.bibsonomy.org/bibtex/21921bab51019d89a0b740c43d8aafd23/dbenz},
  doi = {10.1145/1541880.1541884},
  interhash = {95beef372c0d7c6f57caf0862896a0bb},
  intrahash = {1921bab51019d89a0b740c43d8aafd23},
  issn = {0360-0300},
  issue = {3},
  issue_date = {July 2009},
  journal = {ACM Comput. Surv.},
  keywords = {clustering web bachelor:2011:bachmann},
  month = {July},
  numpages = {38},
  pages = {17:1--17:38},
  publisher = {ACM},
  timestamp = {2013-07-31T15:39:42.000+0200},
  title = {A survey of Web clustering engines},
  url = {http://doi.acm.org/10.1145/1541880.1541884},
  volume = 41,
  year = 2009
}





@inproceedings{OpenL3,
	Address = {Brighton, UK},
	Author = {Cramer, J. and Wu, H-.H. and Salamon, J. and Bello, J.~P.},
	Booktitle = {IEEE Int.~Conf.~on Acoustics, Speech and Signal Processing (ICASSP)},
	Month = {May},
	Pages = {3852--3856},
	Title = {Look, Listen and Learn More: Design Choices for Deep Audio Embeddings},
	Year = {2019}}

@article{FaceNet,
  author    = {Florian Schroff and
               Dmitry Kalenichenko and
               James Philbin},
  title     = {FaceNet: {A} Unified Embedding for Face Recognition and Clustering},
  journal   = {CoRR},
  volume    = {abs/1503.03832},
  year      = {2015},
  url       = {http://arxiv.org/abs/1503.03832},
  archivePrefix = {arXiv},
  eprint    = {1503.03832},
  timestamp = {Mon, 13 Aug 2018 16:46:42 +0200},
  biburl    = {https://dblp.org/rec/journals/corr/SchroffKP15.bib},
  bibsource = {dblp computer science bibliography, https://dblp.org}
}

@article{AudioSet,
  author    = {Shawn Hershey and
               Sourish Chaudhuri and
               Daniel P. W. Ellis and
               Jort F. Gemmeke and
               Aren Jansen and
               R. Channing Moore and
               Manoj Plakal and
               Devin Platt and
               Rif A. Saurous and
               Bryan Seybold and
               Malcolm Slaney and
               Ron J. Weiss and
               Kevin W. Wilson},
  title     = {{CNN} Architectures for Large-Scale Audio Classification},
  journal   = {CoRR},
  volume    = {abs/1609.09430},
  year      = {2016},
  url       = {http://arxiv.org/abs/1609.09430},
  archivePrefix = {arXiv},
  eprint    = {1609.09430},
  timestamp = {Mon, 13 Aug 2018 16:47:59 +0200},
  biburl    = {https://dblp.org/rec/journals/corr/HersheyCEGJMPPS16.bib},
  bibsource = {dblp computer science bibliography, https://dblp.org}
}

@misc{hts,
	title = {\textsc{HTS}},
	howpublished = {http://hts.sp.nitech.ac.jp/}
}
@INPROCEEDINGS{zen2017video,
	author = {Zen, Heiga},
	year = {2017},
	_month = {Feb},
	pages = {},
	title = {Generative Model-Based Text-to-Speech Synthesis},
	address = {Invited talk given at CBMM workshop on speech representation, perception and recognition}
}

@misc{htslabel2015,
	author = {HTS Working Group},
	year = {2015},
	title = {An example of context-dependent label format
for HMM-based speech synthesis in English},
	journal = {[Online]},
  howpublished = {http://www.cs.columbia.edu/$\sim$ecooper/tts/lab\_format.pdf}
}


@article{spss2009,
    author = {Alan W Black and Heiga Zen and Keiichi Tokuda},
    title = {Statistical parametric speech synthesis},
    journal = {Speech Communication},
    volume = {51},
    number = {11},
    pages = {1039--1064},
    year = {2009},
}

@INPROCEEDINGS{Yamagishi04,
    author = {Junichi Yamagishi and Takashi Masuko and Takao Kobayashi},
    title = {HMM-based expressive speech synthesis - Towards TTS with arbitrary speaking styles and emotions},
    booktitle = {In Special Workshop in Maui, Maui, Hawäı},
    year = {2004}
}

@article{king2014,
	author = {Simon King},
	title = {Measuring a decade of progress in Text-to-Speech},
	journal = {Loquens},
	volume = {1},
	number = {1},
	year = {2014},
	keywords = {text-to-speech synthesis; evaluation; The Blizzard Challenge},
	issn = {2386-2637},	
	_pages = {006},
	doi = {10.3989/loquens.2014.006},
	url = {http://loquens.revistas.csic.es/index.php/loquens/article/view/6}
}

@INPROCEEDINGS{bmlc2017, 
author={Kei Sawada and Keiichi Tokuda and Simon King and Alan W. Black}, 
booktitle={IEEE Automatic Speech Recognition and Understanding Workshop (ASRU)}, 
title={The blizzard machine learning challenge 2017}, 
year={2017}, 
volume={}, 
number={}, 
pages={331-337}, 
doi={10.1109/ASRU.2017.8268954}, 
ISSN={}, 
_month={Dec},}



@INPROCEEDINGS{zen2015lstm, 
author={Heiga Zen and Hasim Sak}, 
booktitle={IEEE International Conference on Acoustics, Speech and Signal Processing (ICASSP)}, 
title={Unidirectional long short-term memory recurrent neural network with recurrent output layer for low-latency speech synthesis}, 
year={2015}, 
volume={}, 
number={}, 
pages={4470-4474},
doi={10.1109/ICASSP.2015.7178816}, 
ISSN={1520-6149}, 
}

@INPROCEEDINGS{fan2014lstm,
author = {Fan, Yuchen and Qian, Yao and Xie, Fenglong and Frank K Soong},
year = {2014},
_month = {01},
pages = {1964-1968},
title = "{TTS synthesis with bidirectional LSTM based Recurrent Neural Networks}",
booktitle = {INTERSPEECH}
}

@INPROCEEDINGS{black1996, 
	author={A. J. Hunt and A. W. Black}, 
	booktitle={IEEE International Conference on Acoustics, Speech, and Signal Processing Conference Proceedings (ICASSP)}, 
	title={Unit selection in a concatenative speech synthesis system using a large speech database}, 
	year={1996}, 
	volume={1}, 
	number={}, 
	pages={373-376 vol. 1}, 
	doi={10.1109/ICASSP.1996.541110}, 
	ISSN={1520-6149}, 
	_month={May},
}

@article{Sawada2017,
  title={The NITech text-to-speech system for the Blizzard Challenge 2017},
  author={Kei Sawada and Kei Hashimoto and Keiichiro Oura and Keiichi Tokuda},
  year={2017},
  journal={Proc. Blizzard Challenge Workshop}
}

@INPROCEEDINGS{zen2013dnn, 
author={Zen, Heiga and Senior, Andrew and Schuster, Mike}, 
booktitle={IEEE International Conference on Acoustics, Speech and Signal Processing (ICASSP)}, 
title={Statistical parametric speech synthesis using deep neural networks}, 
year={2013}, 
volume={}, 
number={}, 
pages={7962-7966},
doi={10.1109/ICASSP.2013.6639215}, 
ISSN={1520-6149}, 
}

@INPROCEEDINGS{nagamine2016,
author = {Nagamine, Tasha and Seltzer, Michael and Mesgarani, Nima},
year = {2016},
_month = {09},
pages = {803-807},
booktitle = {INTERSPEECH},
title = {On the Role of Nonlinear Transformations in Deep Neural Network Acoustic Models},
}

@INPROCEEDINGS{nagamine2015,
author = {Nagamine, Tasha and Seltzer, Michael and Mesgarani, Nima},
year = {2015},
_month = {09},
pages = {},
booktitle = {INTERSPEECH},
title = {Exploring How Deep Neural Networks Form Phonemic Categories}
}

@INPROCEEDINGS{zen2014dnn, 
author={Zen, Heiga and Senior, Andrew}, 
booktitle={IEEE International Conference on Acoustics, Speech and Signal Processing (ICASSP)}, 
title={Deep mixture density networks for acoustic modeling in statistical parametric speech synthesis}, 
year={2014}, 
pages={3844--3848}, 
doi={10.1109/ICASSP.2014.6854321}, 
ISSN={1520-6149}, 
}

@article{char2wav,
  title={Char2wav: End-to-end Speech Synthesis},
  author={Jose Sotelo and Soroush Mehri and Kundan Kumar and Jo{\~a}o Felipe Santos and Kyle Kastner and Aaron Courville},
  year={2017}
}

@article{tacotron,
title	= {Tacotron: Towards End-to-End Speech Synthesis},
author	= {Yuxuan Wang and RJ Skerry-Ryan and Daisy Stanton and Yonghui Wu and Ron J. Weiss and Navdeep Jaitly and Zongheng Yang and Ying Xiao and Zhifeng Chen and Samy Bengio and Quoc Le and Yannis Agiomyrgiannakis and Rob Clark and Rif A. Saurous},
year	= {2017},
journal = {arXiv preprint arXiv:1703.10135},
URL	= {https://arxiv.org/abs/1703.10135}
}


@ARTICLE{deepvoice3,
   author = {{Ping}, Wei and {Peng}, Kainan and {Gibiansky}, Andrew and {Arik}, Sercan {\"O}. and 
	{Kannan}, Ajay and {Narang}, Sharan and {Raiman}, Jonathan and {Miller}, John},
    title = "{Deep Voice 3: Scaling Text-to-Speech with Convolutional Sequence Learning}",
  journal = {arXiv preprint arXiv:1710.07654},
archivePrefix = "arXiv",
   eprint = {1710.07654},
 primaryClass = "cs.SD",
 keywords = {Computer Science - Sound, Computer Science - Artificial Intelligence, Computer Science - Computation and Language, Computer Science - Learning, Electrical Engineering and Systems Science - Audio and Speech Processing},
     year = 2017,
    _month = oct,
   adsurl = {http://adsabs.harvard.edu/abs/2017arXiv171007654P},
  adsnote = {Provided by the SAO/NASA Astrophysics Data System}
}

@article{tachibana2017,
  author    = {Hideyuki Tachibana and
               Katsuya Uenoyama and
               Shunsuke Aihara},
  title     = {Efficiently Trainable Text-to-Speech System Based on Deep Convolutional
               Networks with Guided Attention},
  journal   = {arXiv preprint arXiv: 1710.08969},
  others    = {abs/1710.08969},
  year      = {2017},
  url       = {http://arxiv.org/abs/1710.08969},
  archivePrefix = {arXiv},
  eprint    = {1710.08969},
  timestamp = {Mon, 13 Aug 2018 16:46:56 +0200},
  biburl    = {https://dblp.org/rec/bib/journals/corr/abs-1710-08969},
  bibsource = {dblp computer science bibliography, https://dblp.org}
}

@ARTICLE{tacotron2,
   author = {Jonathan Shen and
               Ruoming Pang and
               Ron J. Weiss and
               Mike Schuster and
               Navdeep Jaitly and
               Zongheng Yang and
               Zhifeng Chen and
               Yu Zhang and
               Yuxuan Wang and
               R. J. Skerry{-}Ryan and
               Rif A. Saurous and
               Yannis Agiomyrgiannakis and
               Yonghui Wu},
    title = "{Natural TTS Synthesis by Conditioning WaveNet on Mel Spectrogram Predictions}",
  journal = {arXiv preprint arXiv:1712.05884},
archivePrefix = "arXiv",
   eprint = {arXiv:1712.05884},
 primaryClass = "cs.CL",
 keywords = {Computer Science - Computation and Language},
     year = 2017,
    _month = dec,
   adsurl = {http://adsabs.harvard.edu/abs/2017arXiv171205884S},
  adsnote = {Provided by the SAO/NASA Astrophysics Data System}
}

@article{yuxuan2018,
  author    = {Yuxuan Wang and
               Daisy Stanton and
               Yu Zhang and
               R. J. Skerry{-}Ryan and
               Eric Battenberg and
               Joel Shor and
               Ying Xiao and
               Fei Ren and
               Ye Jia and
               Rif A. Saurous},
  title     = {Style Tokens: Unsupervised Style Modeling, Control and Transfer in
               End-to-End Speech Synthesis},
  journal   = {arXiv preprint arXiv:1803.09017},
  _volume    = {abs/1803.09017},
  year      = {2018},
  url       = {http://arxiv.org/abs/1803.09017},
  archivePrefix = {arXiv},
  eprint    = {1803.09017},
  timestamp = {Mon, 13 Aug 2018 16:46:53 +0200},
  biburl    = {https://dblp.org/rec/bib/journals/corr/abs-1803-09017},
  bibsource = {dblp computer science bibliography, https://dblp.org}
}

@INPROCEEDINGS{belinkov2018,
	author = {Belinkov, Yonatan},
	title = {On Internal Language Representations in Deep Learning:
An Analysis of Machine Translation and Speech Recognition},
	year = {2018},
	_month = {June},
	address = {Massachusetts Institute of Technology (Doctoral Dissertation)},
}
	
	

@ARTICLE{belinkov-asr,
   author = {Belinkov, Yonatan and Glass, James},
    title = {Analyzing Hidden Representations in End-to-End Automatic Speech Recognition Systems},
  journal = {arXiv preprints arXiv:1709.04482},
archivePrefix = "arXiv",
   eprint = {1709.04482},
 primaryClass = "cs.CL",
 keywords = {Computer Science - Computation and Language, Computer Science - Neural and Evolutionary Computing, Computer Science - Sound, I.2.7},
     year = 2017,
   adsurl = {http://adsabs.harvard.edu/abs/2017arXiv170904482B},
  adsnote = {Provided by the SAO/NASA Astrophysics Data System}
}

@article{belinkov-nmt,
  author    = {Yonatan Belinkov and
               Nadir Durrani and
               Fahim Dalvi and
               Hassan Sajjad and
               James Glass},
  title     = {What do Neural Machine Translation Models Learn about Morphology?},
  journal   = {arXiv preprint arXiv:1704.03471},
  _volume    = {abs/1704.03471},
  year      = {2017},
  url       = {http://arxiv.org/abs/1704.03471},
  archivePrefix = {arXiv},
  eprint    = {1704.03471},
  timestamp = {Wed, 07 Jun 2017 14:42:36 +0200},
  biburl    = {https://dblp.org/rec/bib/journals/corr/BelinkovDDSG17},
  bibsource = {dblp computer science bibliography, https://dblp.org}
}

@article{zhizheng,
  author    = {Wu, Zhizheng and King, Simon},
  title     = {Investigating gated recurrent neural networks for speech synthesis},
  journal   = {arXiv preprint arXiv:1601.02539},
  volume    = {abs/1601.02539},
  year      = {2016},
  url       = {http://arxiv.org/abs/1601.02539},
  archivePrefix = {arXiv},
  eprint    = {1601.02539},
  timestamp = {Wed, 07 Jun 2017 14:41:44 +0200},
  biburl    = {https://dblp.org/rec/bib/journals/corr/WuK16},
  bibsource = {dblp computer science bibliography, https://dblp.org}
}


@InProceedings{xing2016,
  author = 	"Shi, Xing
		and Padhi, Inkit
		and Knight, Kevin",
  title = 	"Does String-Based Neural MT Learn Source Syntax?",
  booktitle = 	"Proceedings of the 2016 Conference on Empirical Methods in Natural      Language Processing    ",
  year = 	"2016",
  publisher = 	"Association for Computational Linguistics",
  pages = 	"1526--1534",
  location = 	"Austin, Texas",
  doi = 	"10.18653/v1/D16-1159",
  url = 	"http://www.aclweb.org/anthology/D16-1159"
}

@article{yuxuan2017,
  author    = {Yuxuan Wang and
               R. J. Skerry{-}Ryan and
               Ying Xiao and
               Daisy Stanton and
               Joel Shor and
               Eric Battenberg and
               Rob Clark and
               Rif A. Saurous},
  title     = {Uncovering Latent Style Factors for Expressive Speech Synthesis},
  journal   = {arXiv preprint arXiv:1711.00520},
  volume    = {abs/1711.00520},
  year      = {2017},
  url       = {http://arxiv.org/abs/1711.00520},
  archivePrefix = {arXiv},
  eprint    = {1711.00520},
  timestamp = {Fri, 01 Dec 2017 14:22:24 +0100},
  biburl    = {https://dblp.org/rec/bib/journals/corr/abs-1711-00520},
  bibsource = {dblp computer science bibliography, https://dblp.org}
}

@article{rjskerry2018,
  author    = {R. J. Skerry{-}Ryan and
               Eric Battenberg and
               Ying Xiao and
               Yuxuan Wang and
               Daisy Stanton and
               Joel Shor and
               Ron J. Weiss and
               Rob Clark and
               Rif A. Saurous},
  title     = {Towards End-to-End Prosody Transfer for Expressive Speech Synthesis with Tacotron},
  journal   = {arXiv preprint arXiv:1803.09047},
  _volume    = {abs/1803.09047},
  year      = {2018},
  url       = {http://arxiv.org/abs/1803.09047},
  archivePrefix = {arXiv},
  eprint    = {1803.09047},
  timestamp = {Wed, 11 Apr 2018 11:12:46 +0200},
  biburl    = {https://dblp.org/rec/bib/journals/corr/abs-1803-09047},
  bibsource = {dblp computer science bibliography, https://dblp.org}
}

@inproceedings{rasmus2016,
  title={Redefining the Linguistic Context Feature Set for HMM and DNN TTS Through Position and Parsing},
  author={Rasmus Dall and Kei Hashimoto and Keiichiro Oura and Yoshihiko Nankaku and Keiichi Tokuda},
  booktitle={INTERSPEECH},
  pages={2851--2855},
  year={2016}
}

@conference{hengluIS2012,
  author = {Lu, Heng and King, Simon},
  title = {Using {Bayesian} Networks to find relevant context features for {HMM}-based speech synthesis},
  year = {2012},
  pages = {1143--1146},
  _month = {September},
  _address = {Portland, Oregon, USA},
  keywords = {HMM-based speech synthesis, Bayesian Networks, context information},
  pdf = {http://www.cstr.inf.ed.ac.uk/downloads/publications/2012/HengLuSimonKing.pdf},
  booktitle = {INTERSPEECH},
  categories = {HMM-based speech synthesis, Bayesian Networks, context information}
}

@inproceedings{WattsIS2010,
  title={The role of higher-level linguistic features in HMM-based speech synthesis},
  author={Oliver Watts and Junichi Yamagishi and Simon King},
  booktitle={INTERSPEECH},
  year={2010},
  pages={841--844},
}

@article{bahdanau2014,
  author    = {Dzmitry Bahdanau and
               Kyunghyun Cho and
               Yoshua Bengio},
  title     = {Neural Machine Translation by Jointly Learning to Align and Translate},
  journal   = {arXiv preprint arXiv:1409.0473},
  _volume    = {abs/1409.0473},
  year      = {2014},
  url       = {http://arxiv.org/abs/1409.0473},
  archivePrefix = {arXiv},
  eprint    = {1409.0473},
  timestamp = {Mon, 13 Aug 2018 16:46:05 +0200},
  biburl    = {https://dblp.org/rec/bib/journals/corr/BahdanauCB14},
  bibsource = {dblp computer science bibliography, https://dblp.org}
}

@misc{festival,
  title = {Festival},
  howpublished = {http://www.festvox.org/festival/}
}

@misc{cmudict,
  title = {CMU Pronouncing Dictionary},
  howpublished = {http://www.speech.cs.cmu.edu/cgi-bin/cmudict}
}

@misc{rayhane2018,
  author = {Mama, Rayhane},
  title = {Tacotron-2},
  year = {2018},
  publisher = {GitHub},
  journal = {GitHub repository},
  howpublished = {https://github.com/Rayhane-mamah/Tacotron-2}
}

@misc{syllabify,
  author = {Kyle Gorman},
  title = {syllabify},
  year = {2014},
  publisher = {GitHub},
  journal = {GitHub repository},
  howpublished = {[Online] Available. https://github.com/kylebgorman/syllabify}
}

@misc{r9y9,
  author = {Yamamoto, Ryuichi},
  title = {deepvoice3\_pytorch},
  year = {2017},
  publisher = {GitHub},
  journal = {GitHub repository},
  howpublished = {https://github.com/r9y9/deepvoice3\_pytorch}
}

@misc{ljspeech17,
  author       = {Keith Ito},
  title        = "{The LJ Speech Dataset}",
  howpublished = {https://keithito.com/LJ-Speech-Dataset/},
  year         = 2017
}

@misc{mailabs,
	author = {Munich Artificial Intelligence Laboratories},
	title = "{The M-AILABS Speech Dataset}",
	howpublished = {http://www.m-ailabs.bayern/en/the-mailabs-speech-dataset/},
	year = {2018},
}

